\usepackage{filecontents}
\begin{filecontents}

@article{li1992random,
  title={Random texts exhibit Zipf's-law-like word frequency distribution},
  author={Li, Wentian},
  journal={IEEE Transactions on information theory},
  volume={38},
  number={6},
  pages={1842--1845},
  year={1992},
  publisher={IEEE}
}

@techreport{joachims1996probabilistic,
  title={A Probabilistic Analysis of the Rocchio Algorithm with TFIDF for Text Categorization.},
  author={Joachims, Thorsten},
  year={1996},
  institution={Carnegie-mellon univ pittsburgh pa dept of computer science}
}

@inproceedings{yang1997comparative,
  title={A comparative study on feature selection in text categorization},
  author={Yang, Yiming and Pedersen, Jan O},
  booktitle={Icml},
  volume={97},
  pages={412--420},
  year={1997}
}

@inproceedings{mansuy2006characterization,
  title={A characterization of WordNet features in Boolean models for text classification},
  author={Mansuy, Trevor and Hilderman, Robert J},
  booktitle={Proceedings of the fifth Australasian conference on Data mining and analystics-Volume 61},
  pages={103--109},
  year={2006},
  organization={Australian Computer Society, Inc.}
}

@article{porter1980algorithm,
  title={An algorithm for suffix stripping},
  author={Porter, Martin F},
  journal={Program},
  volume={14},
  number={3},
  pages={130--137},
  year={1980},
  publisher={MCB UP Ltd}
}

@book{quinlan2014c4,
  title={C4. 5: programs for machine learning},
  author={Quinlan, J Ross},
  year={2014},
  publisher={Elsevier}
}

@inproceedings{mavroeidis2005word,
  title={Word sense disambiguation for exploiting hierarchical thesauri in text classification},
  author={Mavroeidis, Dimitrios and Tsatsaronis, George and Vazirgiannis, Michalis and Theobald, Martin and Weikum, Gerhard},
  booktitle={European Conference on Principles of Data Mining and Knowledge Discovery},
  pages={181--192},
  year={2005},
  organization={Springer}
}


@inproceedings{wang2008building,
  title={Building semantic kernels for text classification using wikipedia},
  author={Wang, Pu and Domeniconi, Carlotta},
  booktitle={Proceedings of the 14th ACM SIGKDD international conference on Knowledge discovery and data mining},
  pages={713--721},
  year={2008},
  organization={ACM}
}

@article{heap2017word,
  title={Word Vector Enrichment of Low Frequency Words in the Bag-of-Words Model for Short Text Multi-class Classification Problems},
  author={Heap, Bradford and Bain, Michael and Wobcke, Wayne and Krzywicki, Alfred and Schmeidl, Susanne},
  journal={arXiv preprint arXiv:1709.05778},
  year={2017}
}

@article{scott1998text,
  title={Text classification using WordNet hypernyms},
  author={Scott, Sam and Matwin, Stan},
  journal={Usage of WordNet in Natural Language Processing Systems},
  year={1998}
}

@phdthesis{jensen2000improving,
  title={Improving text classification by using conceptual and contextual features},
  author={Jensen, Lee S and Martinez, Tony},
  year={2000},
  school={Brigham Young University. Department of Computer Science}
}

@inproceedings{le2014distributed,
  title={Distributed representations of sentences and documents},
  author={Le, Quoc and Mikolov, Tomas},
  booktitle={International Conference on Machine Learning},
  pages={1188--1196},
  year={2014}
}

@inproceedings{pennington2014glove,
  title={Glove: Global vectors for word representation},
  author={Pennington, Jeffrey and Socher, Richard and Manning, Christopher},
  booktitle={Proceedings of the 2014 conference on empirical methods in natural language processing (EMNLP)},
  pages={1532--1543},
  year={2014}
}

\end{filecontents}